<record><leader>00000cas a22000007a 4500</leader><controlfield tag="001">15157667</controlfield><controlfield tag="008">870206d1892189uinuwr ne      0    0eng d</controlfield><datafield ind1=" " ind2=" " tag="010"><subfield code="a">sn 87055206 </subfield></datafield><datafield ind1=" " ind2=" " tag="040"><subfield code="a">NPI</subfield><subfield code="b">eng</subfield><subfield code="c">NPI</subfield><subfield code="d">OCLCQ</subfield></datafield><datafield ind1=" " ind2=" " tag="042"><subfield code="a">msc</subfield></datafield><datafield ind1="0" ind2="4" tag="245"><subfield code="a">The South Whitley news.</subfield></datafield><datafield ind1=" " ind2=" " tag="260"><subfield code="a">South Whitley, Whitley County, Ind. :</subfield><subfield code="b">W.O. Stauffer</subfield></datafield><datafield ind1=" " ind2=" " tag="310"><subfield code="a">Weekly</subfield></datafield><datafield ind1="1" ind2=" " tag="362"><subfield code="a">Began in 1892?</subfield></datafield><datafield ind1=" " ind2=" " tag="588"><subfield code="a">Description based on: Vol. 8, no. 36 (June 3, 1892).</subfield></datafield><datafield ind1=" " ind2=" " tag="752"><subfield code="a">United States</subfield><subfield code="b">Indiana</subfield><subfield code="c">Whitley</subfield><subfield code="d">South Whitley.</subfield></datafield><datafield ind1="0" ind2="0" tag="780"><subfield code="t">Whitley County news</subfield></datafield><datafield ind1="0" ind2="0" tag="785"><subfield code="t">Whitley County news</subfield></datafield></record>